@book{MacCormick2018,
    title        = {{What Can Be Computed?: A Practical Guide to the Theory of Computation}},
    author       = {MacCormick, John},
    year         = 2018,
    month        = 5,
    publisher    = {Princeton University Press},
    doi          = {10.1515/9781400889846},
    keywords     = {basica},
    sortname     = {0000}
}
@book{Arora2009,
    title        = {{Computational Complexity: A Modern Approach}},
    author       = {Arora, Sanjeev and Barak, Boaz},
    year         = 2009,
    month        = 4,
    publisher    = {Cambridge University Press},
    doi          = {10.1017/CBO9780511804090},
    edition      = {Illustrated}
}
@article{Church1936,
    title        = {{An Unsolvable Problem of Elementary Number Theory}},
    author       = {Church, Alonzo},
    year         = 1936,
    month        = 4,
    journal      = {American Journal of Mathematics},
    publisher    = {JSTOR},
    volume       = 58,
    number       = 2,
    pages        = 345,
    doi          = {10.2307/2371045}
}
@article{Cook1971,
    title        = {{The complexity of theorem-proving procedures}},
    author       = {Cook, Stephen A.},
    year         = 1971,
    journal      = {Proceedings of the third annual ACM symposium on Theory of computing  - STOC '71},
    publisher    = {ACM Press},
    doi          = {10.1145/800157.805047}
}
@article{Hartmanis1965,
    title        = {{On the computational complexity of algorithms}},
    author       = {Hartmanis, J. and Stearns, R. E.},
    year         = 1965,
    journal      = {Transactions of the American Mathematical Society},
    publisher    = {American Mathematical Society (AMS)},
    volume       = 117,
    number       = {0},
    pages        = {285--306},
    doi          = {10.1090/s0002-9947-1965-0170805-7}
}
@article{Hilbert1902,
    title        = {{Mathematical problems}},
    author       = {Hilbert, David},
    year         = 1902,
    journal      = {Bulletin of the American Mathematical Society},
    publisher    = {American Mathematical Society (AMS)},
    volume       = 8,
    number       = 10,
    pages        = {437--479},
    doi          = {10.1090/s0002-9904-1902-00923-3}
}
@book{Hofstadter1999,
    title        = {{Gödel, Escher, Bach: An Eternal Golden Braid}},
    author       = {Hofstadter, Douglas R.},
    year         = 2000,
    month        = 1,
    publisher    = {Basic Books},
    ISBN         = "978-0140289206",
    edition      = {20th Anniversary ed.}
}
@book{Hofstadter2007,
    title        = {{I Am a Strange Loop}},
    author       = {Hofstadter, Douglas R.},
    year         = 2007,
    month        = 8,
    publisher    = {Basic Books},
    ISBN         = "0465030793"
}
@article{Hopper1952,
    title        = {{The education of a computer}},
    author       = {Hopper, Grace Murray},
    year         = 1952,
    journal      = {Proceedings of the 1952 ACM national meeting (Pittsburgh) on   - ACM '52},
    publisher    = {ACM Press},
    doi          = {10.1145/609784.609818}
}
@article{Kleene1936,
    title        = {{General recursive functions of natural numbers}},
    author       = {Kleene, S. C.},
    year         = 1936,
    month        = 12,
    journal      = {Mathematische Annalen},
    publisher    = {Springer Science and Business Media LLC},
    volume       = 112,
    number       = 1,
    pages        = {727--742},
    doi          = {10.1007/bf01565439}
}
@book{Linz2011,
    title        = {{An Introduction to Formal Languages and Automata, 5th Edition}},
    author       = {Linz, Peter},
    year         = 2011,
    month        = 2,
    publisher    = {Jones & Bartlett Learning},
    edition      = 5,
    ISBN         = "144961552X"
}
@book{Lovelace1843,
    title        = {{Sketch of the analytical engine invented by Charles Babbage}},
    author       = {Lovelace, Ada},
    year         = 1843
}
@book{Moore2011,
    title        = {{The Nature of Computation}},
    author       = {Moore, Cristopher and Mertens, Stephan},
    year         = 2011,
    month        = 10,
    publisher    = {Oxford University Press},
    edition      = 1,
    ISBN         = "978-0199233212"
}
@book{Nisan2005,
    title        = {{The Elements of Computing Systems: Building a Modern Computer from First Principles}},
    author       = {Nisan, Noam and Schocken, Shimon},
    year         = 2005,
    month        = 3,
    publisher    = {The MIT Press}
}
@book{Petzold2008,
    title        = {{The Annotated Turing: A Guided Tour Through Alan Turing's Historic Paper on Computability and the Turing Machine}},
    author       = {Petzold, Charles},
    year         = 2008,
    month        = 6,
    publisher    = {Wiley},
    edition      = 1
}
@article{Searle1980,
    title        = {{Minds, brains, and programs}},
    author       = {Searle, John R.},
    year         = 1980,
    month        = 9,
    journal      = {Behavioral and Brain Sciences},
    publisher    = {Cambridge University Press (CUP)},
    volume       = 3,
    number       = 3,
    pages        = {417--424},
    doi          = {10.1017/s0140525x00005756},
    url          = {http://dx.doi.org/10.1017/s0140525x00005756}
}
@book{Sipser2012,
    title        = {{Introduction to the Theory of Computation}},
    author       = {Sipser, Michael},
    year         = 2012,
    month        = 6,
    publisher    = {Cengage Learning},
    edition      = 3,
    keywords     = {basica},
    sortname     = {0002}
}
@article{Tseitin1983,
    title        = {{On the Complexity of Derivation in Propositional Calculus}},
    author       = {Tseitin, G. S.},
    year         = 1983,
    journal      = {Automation of Reasoning},
    publisher    = {Springer Berlin Heidelberg},
    pages        = {466--483},
    doi          = {10.1007/978-3-642-81955-1{_}28},
    url          = {http://dx.doi.org/10.1007/978-3-642-81955-1_28}
}
@article{Turing1937,
    title        = {{On Computable Numbers, with an Application to the Entscheidungsproblem}},
    author       = {Turing, A. M.},
    year         = 1937,
    journal      = {Proceedings of the London Mathematical Society},
    publisher    = {Wiley},
    volume       = {s2},
    number       = 1,
    pages        = {230--265},
    doi          = {10.1112/plms/s2-42.1.230},
    url          = {http://dx.doi.org/10.1112/plms/s2-42.1.230}
}
@article{Turing1950,
    title        = {{Computing Machinery and Intelligence}},
    author       = {Turing, A. M.},
    year         = 1950,
    month        = 10,
    journal      = {Mind},
    publisher    = {Oxford University Press (OUP)},
    volume       = {LIX},
    number       = 236,
    pages        = {433--460},
    doi          = {10.1093/mind/lix.236.433},
    url          = {http://dx.doi.org/10.1093/mind/lix.236.433}
}
@article{Church1937,
    title        = {{A. M. Turing. On computable numbers, with an application to the Entscheidungsproblem. Proceedings of the London Mathematical Society, 2 s. vol. 42 (1936–1937), pp. 230–265.}},
    author       = {Church, Alonzo},
    year         = 1937,
    month        = 3,
    journal      = {Journal of Symbolic Logic},
    publisher    = {Association for Symbolic Logic},
    volume       = 2,
    number       = 1,
    pages        = {42--43},
    doi          = {10.1017/s002248120003958x}
}
@article{Aiken1956,
    title        = {{Elektronische Rechenmaschinen und Informationsverarbeitung [Máquinas electrónicas de cálculo y procesamiento de información]}},
    author       = {Aiken, H.},
    year         = 1956,
    journal      = {Nachrichtentechnische Fachberichte},
    publisher    = {Nachrichtentechnische Fachberichte},
    volume       = 2,
    pages        = {32--34},
    note         = {{Traducido en \cite{MacCormick2018}}}
}
@book{Wolfram2002,
    title        = {{A New Kind of Science}},
    author       = {Wolfram, Stephen},
    year         = 2002,
    month        = 5,
    publisher    = {Wolfram Media},
    edition      = 1
}
@incollection{StanfordTuring2021,
    title        = {{Turing Machines}},
    author       = {De Mol, Liesbeth},
    year         = 2021,
    booktitle    = {The {Stanford} Encyclopedia of Philosophy},
    publisher    = {Metaphysics Research Lab, Stanford University},
    editor       = {Edward N. Zalta},
    howpublished = {\url{https://plato.stanford.edu/archives/win2021/entries/turing-machine/}},
    edition      = {{W}inter 2021}
}
@incollection{StanfordGodel2022,
    title        = {{Gödel’s Incompleteness Theorems}},
    author       = {Raatikainen, Panu},
    year         = 2022,
    booktitle    = {The {Stanford} Encyclopedia of Philosophy},
    publisher    = {Metaphysics Research Lab, Stanford University},
    editor       = {Edward N. Zalta},
    howpublished = {\url{https://plato.stanford.edu/archives/spr2022/entries/goedel-incompleteness/}},
    edition      = {{S}pring 2022}
}
@book{Evans2018,
    title        = {{Java in a Nutshell}},
    author       = {Evans, Ben and Flanagan, David},
    year         = 2018,
    month        = 12,
    publisher    = {O'Reilly Media}
}
@book{Lutz2013,
    title        = {{Learning Python}},
    author       = {Lutz, Mark},
    year         = 2013,
    month        = 6,
    publisher    = {O'Reilly Media},
    pages        = {290--291}
}
@book{Martelli2006,
    title        = {{Python in a Nutshell}},
    author       = {Martelli, Alex},
    year         = 2006,
    month        = 7,
    publisher    = {O'Reilly Media},
    chapter      = 1
}
@misc{Aaronson2017,
    title        = {{Rosser’s Theorem via Turing machines}},
    author       = {Aaronson, S.},
    year         = 2017,
    month        = 1,
    url          = {https://scottaaronson.blog/?p=710},
    urldate      = {\date},
    keywords     = {basica},
    sortname     = {0001}
}
@book{Evans1968,
    title        = {Cybernetics},
    author       = {Evans, C.R. and Robertson, A.D.J.},
    year         = 1968,
    publisher    = {University Park Press},
    series       = {Key papers},
    url          = {https://books.google.ie/books?id=zpIhAQAAIAAJ},
    lccn         = 68055416
}
@book{Godel1931,
    title        = {{Über formal unentscheidbare Sätze der Principia Mathematica und verwandter Systeme}},
    author       = {Gödel, Kurt},
    year         = 1931,
    month        = 1,
    note         = {Traducido en \cite{Godel1992}}
}
@book{Godel1992,
    title        = {{On Formally Undecidable Propositions of Principia Mathematica and Related Systems}},
    author       = {Gödel, Kurt},
    year         = 1992,
    month        = 5,
    publisher    = {Dover Publications}
}
@misc{Hirzel2000,
    title        = {{Translation of ``On formally undecidable propositions of Principia Mathematica and related systems I''}},
    year         = 2000,
    month        = 11,
    url          = {https://hirzels.com/martin/papers/canon00-goedel.pdf}
}
@book{Whitehead1927,
    title        = {{Principia Mathematica}},
    author       = {Whitehead, Alfred North and Russell, Bertrand},
    year         = 1927,
    month        = 1,
    publisher    = {Cambridge University Press}
}
@book{Barrow2011,
    title        = {{The Artful Universe Expanded}},
    author       = {Barrow, John},
    year         = 2011,
    month        = 3,
    publisher    = {OUP Oxford}
}
@book{Nisan2008,
    title        = {{The Elements of Computing Systems}},
    author       = {Nisan, Noam and Schocken, Shimon},
    year         = 2008,
    month        = 1,
    publisher    = {MIT Press}
}
@article{Howden1978,
    title        = {Theoretical and Empirical Studies of Program Testing},
    author       = {Howden, W.E.},
    year         = 1978,
    journal      = {IEEE Transactions on Software Engineering},
    volume       = {SE-4},
    number       = 4,
    pages        = {293--298},
    doi          = {10.1109/TSE.1978.231514}
}
@book{Rogers1957,
    title        = {Theory of Recursive Functions and Effective Computability},
    author       = {Rogers, H.},
    year         = 1957,
    publisher    = {Massachusetts Institute of Technology},
    series       = {Theory of Recursive Functions and Effective Computability},
    number       = {v. 1},
    url          = {https://books.google.es/books?id=v-vuAAAAMAAJ},
    lccn         = 57038380
}
@article{Wiles1995,
    title        = {{Modular Elliptic Curves and Fermat's Last Theorem}},
    author       = {Wiles, Andrew D.},
    year         = 1995,
    month        = 5,
    journal      = {Annals of Mathematics},
    publisher    = {Princeton University},
    volume       = 141,
    number       = 3,
    pages        = 443,
    doi          = {10.2307/2118559},
    url          = {https://doi.org/10.2307/2118559}
}
@misc{Henderson2013,
    title        = {Peano Arithmetic},
    author       = {Henderson, T.},
    year         = 2013,
    journal      = {GitHub repository},
    publisher    = {GitHub},
    howpublished = {\url{https://github.com/timtadh/peano}},
    commit       = {f69dcabbcc5249a734504929c6eadb0fadafa621}
}
@article{Vinnikov1999,
    title        = {{We shall know: Hilbert’s apology}},
    author       = {Vinnikov, Victor},
    year         = 1999,
    month        = 12,
    journal      = {The Mathematical Intelligencer},
    publisher    = {Springer Science+Business Media},
    volume       = 21,
    number       = 1,
    pages        = {42--46},
    doi          = {10.1007/bf03024831},
    url          = {https://doi.org/10.1007/bf03024831}
}
@article{Carnielli2001,
    title        = {{Ex Contradictione Non Sequitur Quodlibet}},
    author       = {Carnielli, Walter and Marcos, João},
    year         = 2001,
    month        = 1,
    url          = {http://sqig.math.ist.utl.pt/pub/MarcosJ/01-CM-ECNSQL.pdf}
}
@book{Kleene1971,
    title        = {{Introduction to Metamathematics}},
    author       = {Kleene, Stephen Cole},
    year         = 1971,
    month        = 1
}
@book{Katz2009,
    title        = {{A History of Mathematics}},
    author       = {Katz, Victor J.},
    year         = 2009,
    month        = 1,
    publisher    = {Addison-Wesley Longman}
}
@article{Fuegi2003,
    title        = {Lovelace & Babbage and the creation of the 1843 'notes'},
    author       = {Fuegi, J. and Francis, J.},
    year         = 2003,
    journal      = {IEEE Annals of the History of Computing},
    volume       = 25,
    number       = 4,
    pages        = {16--26},
    doi          = {10.1109/MAHC.2003.1253887}
}
@book{Bonola1955,
    title        = {{Non-Euclidean Geometry}},
    author       = {Bonola, Roberto},
    year         = 1955,
    month        = 1,
    publisher    = {Courier Corporation}
}
@book{Hamming1986,
    title        = {{Numerical Methods for Scientists and Engineers}},
    author       = {Hamming, Richard W.},
    year         = 1986,
    month        = 1,
    publisher    = {Courier Corporation}
}
@article{Haines1993,
    title        = {{Distributed runtime support for task and data management}},
    author       = {Haines, Matthew Dennis},
    year         = 1993,
    month        = 1,
    journal      = {Technical Report CS-93-110, Department of Computer Science of Colorado State University},
    url          = {}
}
@article{Rosser1936,
    title        = {Extensions of some theorems of Gödel and Church},
    author       = {Rosser, Barkley},
    year         = 1936,
    journal      = {The Journal of Symbolic Logic},
    publisher    = {Cambridge University Press},
    volume       = 1,
    number       = 3,
    pages        = {87–91},
    doi          = {10.2307/2269028}
}
@book{Kaye2007,
    title        = {{An Introduction to Quantum Computing}},
    author       = {Kaye, Phillip and Laflamme, Raymond and Mosca, Michele},
    year         = 2007,
    month        = 1,
    publisher    = {Oxford University Press}
}
@article{Hellman1981,
    title        = {{How to Godel a Frege-Russell: Godel's Incompleteness Theorems and Logicism}},
    author       = {Hellman, Geoffrey},
    year         = 1981,
    month        = 11,
    journal      = {Noûs},
    publisher    = {Wiley-Blackwell},
    volume       = 15,
    number       = 4,
    pages        = 451,
    doi          = {10.2307/2214847},
    url          = {https://doi.org/10.2307/2214847}
}
@book{Penrose1989,
    title        = {{The Emperor's New Mind}},
    author       = {Penrose, Roger},
    year         = 1989,
    month        = 1,
    publisher    = {Oxford University Press, USA}
}
@article{Lucas1961,
    title        = {{Minds, Machines and Gödel}},
    author       = {Lucas, John T.},
    year         = 1961,
    month        = 4,
    journal      = {Philosophy},
    publisher    = {Cambridge University Press},
    volume       = 36,
    number       = 137,
    pages        = {112--127},
    doi          = {10.1017/s0031819100057983},
    url          = {https://doi.org/10.1017/s0031819100057983}
}
@incollection{Penrose1994,
    author       = {Penrose, R.},
    title        = {{Mathematical Intelligence}},
    editor       = {Khalfa, J.},
    booktitle    = {What is Intelligence?},
    publisher    = "Cambridge University Press",
    year         = 1994,
    chapter      = 5,
    ISBN         = "0521566851",
}
